
@BOOK{IMM1978,
    author = {E.~Bender},
    editor = {},
    title = {An Introduction to Mathematical Modeling},
    publisher = {Dover Publications},
    year = {1978},
    otherinfo = {}
}

